
@misc{deepart,
  author = {Matthias Bethge and
            Alex Ecker and
            Leon Gatys and
            Łukasz Kidziński and
            Michał Warchoł},
  title = {DeepArt},
  url = {https://deepart.io}
}

@inproceedings{CycleGAN,
  title={Unpaired Image-to-Image Translation using Cycle-Consistent Adversarial Networks},
  author={Zhu, Jun-Yan and Park, Taesung and Isola, Phillip and Efros, Alexei A},
  booktitle={Computer Vision (ICCV), 2017 IEEE International Conference on},
  year={2017}
}

@InProceedings{CartoonGAN,
author = {Chen, Yang and Lai, Yu-Kun and Liu, Yong-Jin},
title = {CartoonGAN: Generative Adversarial Networks for Photo Cartoonization},
booktitle = {The IEEE Conference on Computer Vision and Pattern Recognition (CVPR)},
month = {June},
year = {2018},
url  = {http://openaccess.thecvf.com/content_cvpr_2018/html/Chen_CartoonGAN_Generative_Adversarial_CVPR_2018_paper.html},
}

@article{ComixGAN,
  author    = {Maciej Pesko and
               Adam Svystun and
               Pawel Andruszkiewicz and
               Przemyslaw Rokita and
               Tomasz Trzcinski},
  title     = {Comixify: Transform video into a comics},
  journal   = {CoRR},
  volume    = {abs/1812.03473},
  year      = {2018},
  url       = {http://arxiv.org/abs/1812.03473},
  archivePrefix = {arXiv},
  eprint    = {1812.03473},
  timestamp = {Tue, 01 Jan 2019 15:01:25 +0100},
  biburl    = {https://dblp.org/rec/bib/journals/corr/abs-1812-03473},
  bibsource = {dblp computer science bibliography, https://dblp.org}
}
