
@misc{deepart,
  author = {Matthias Bethge and
            Alex Ecker and
            Leon Gatys and
            Łukasz Kidziński and
            Michał Warchoł},
  title = {DeepArt},
  url = {https://deepart.io}
}

@InProceedings{CartoonGAN,
author = {Chen, Yang and Lai, Yu-Kun and Liu, Yong-Jin},
title = {CartoonGAN: Generative Adversarial Networks for Photo Cartoonization},
booktitle = {The IEEE Conference on Computer Vision and Pattern Recognition (CVPR)},
month = {June},
year = {2018},
url  = {http://openaccess.thecvf.com/content_cvpr_2018/html/Chen_CartoonGAN_Generative_Adversarial_CVPR_2018_paper.html},
}

@misc{NeuralReview,
    title={Neural Style Transfer: A Review},
    author={Yongcheng Jing and Yezhou Yang and Zunlei Feng and Jingwen Ye and Yizhou Yu and Mingli Song},
    year={2017},
    eprint={1705.04058},
    archivePrefix={arXiv},
    primaryClass={cs.CV}
}

@InProceedings{Gatys,
  author = {Gatys, Leon A. and Ecker, Alexander S. and Bethge, Matthias},
  title = {Image Style Transfer Using Convolutional Neural Networks},
  booktitle = {The IEEE Conference on Computer Vision and Pattern Recognition (CVPR)},
  month = {June},
  year = {2016}
}

@article{luan2017deep,
  title={Deep Photo Style Transfer},
  author={Luan, Fujun and Paris, Sylvain and Shechtman, Eli and Bala, Kavita},
  journal={arXiv preprint arXiv:1703.07511},
  year={2017}
}

@misc{VGG,
    title={Very Deep Convolutional Networks for Large-Scale Image Recognition},
    author={Karen Simonyan and Andrew Zisserman},
    year={2014},
    eprint={1409.1556},
    archivePrefix={arXiv},
    primaryClass={cs.CV}
}


@article{ComixGAN,
  author    = {Maciej Pesko and
               Adam Svystun and
               Pawel Andruszkiewicz and
               Przemyslaw Rokita and
               Tomasz Trzcinski},
  title     = {Comixify: Transform video into a comics},
  journal   = {CoRR},
  volume    = {abs/1812.03473},
  year      = {2018},
  url       = {http://arxiv.org/abs/1812.03473},
  archivePrefix = {arXiv},
  eprint    = {1812.03473},
  timestamp = {Tue, 01 Jan 2019 15:01:25 +0100},
  biburl    = {https://dblp.org/rec/bib/journals/corr/abs-1812-03473},
  bibsource = {dblp computer science bibliography, https://dblp.org}
}
